@book{kane2006phy,
    title={Physique},
    author={Joseph Kane and Morton Sternheim},
    year={2006},
    publisher={Dunod}
}